@article{2019Massive,
  title={Massive MIMO Detection Techniques: A Survey},
  author={ Albreem, Mahmoud A.  and  Juntti, Markku  and  Shahabuddin, Shahriar },
  journal={IEEE Communications Surveys \& Tutorials},
  volume={PP},
  number={99},
  pages={1-1},
  year={2019},
}